% For copyright and license information, see uiucthesis2021.dtx and derivatives.
@Article{Childish07,
  Title                    = {Coffee Tolerance of Middle Schoolers},
  Author                   = {Harry Childish and George Puerile},
  Journal                  = {Impure Science},
  Year                     = {2007},
  Number                   = {2},
  Pages                    = {58--71},
  Volume                   = {5},

  Publisher                = {Everyone Refused Us}
}

@Article{Trembly98,
  Title                    = {Caffeine Addiction and Other Fun Bedtime Stories},
  Author                   = {Hans Trembly and Joe Muggs},
  Journal                  = {My Subject's Strange Addictions},
  Year                     = {1998},
  Number                   = {1},
  Pages                    = {107--117},
  Volume                   = {30},

  Publisher                = {Everyone Refused Us Too}
}

@InProceedings{Presso10,
  Title                    = {Correlations of Mug Size and Productivity},
  Author                   = {S. Presso},
  Booktitle                = {Unusual but Well-Funded Research},
  Year                     = {2010},
  Pages                    = {346--358}
}